Untuk setiap referensi, baris pertama (Newton1687) merupakan label dan baris-baris berikutnya
merupakan atribut dari referensi yang akan digunakan. Umumnya, format referensi berikut sudah
disediakan oleh penyedia sumber referensi secara online dan bisa langsung digunakan di sini.

Lihat https://www.bibtex.com/g/bibtex-format/ untuk informasi lebih lanjut mengenai format
BibTex yang digunakan pada file ini.

@article{Yusran2022,
  author    = {M. Yusran},
  title     = {Kecerdasan Buatan dalam Diagnosis Retinopati Diabetik},
  journal   = {Jurnal Kedokteran Universitas Lampung},
  year      = {2022},
  volume    = {6},
  number    = {1},
  pages     = {},
  doi       = {https://doi.org/10.23960/jkunila6116-20},
}

@inproceedings{zhang2022residual,
  title={Classification of Diabetic Retinopathy Based on B-ResNet},
  author={Zhang, Qing and Li, Jun and Liang, Xiaoyu and Zhang, Jiaqi and Wei, Xu},
  booktitle={2022 7th IEEE International Conference on Data Science in Cyberspace (DSC)},
  pages={},
  year={2022},
  organization={IEEE}
}

@article{diacare,
  author = {Fong, Donald S. and Aiello, Lloyd and Gardner, Thomas W. and King, George L. and Blankenship, George and Cavallerano, Jerry D. and Ferris, Fredrick L., III and Klein},
  title = {Retinopathy in Diabetes},
  journal = {Diabetes Care},
  volume = {27},
  number = {1},
  pages = {s84-s87},
  year = {2004},
  month = {01},
  issn = {0149-5992},
  doi = {10.2337/diacare.27.2007.S84}
}

@ARTICLE{2015Natur.521..436L,
  author = {LeCun, Yann and Bengio, Yoshua and Hinton, Geoffrey},
  title = {Deep learning},
  journal = {\nat},
  year = 2015,
  month = may,
  volume = {521},
  number = {7553},
  pages = {436-444},
  doi = {10.1038/nature14539}
}



@INPROCEEDINGS{10335079,
  author={Abini, M.A. and Priya, S. Sridevi Sathya},
  booktitle={2023 9th International Conference on Smart Computing and Communications (ICSCC)}, 
  title={A Deep Learning Framework for Detection and Classification of Diabetic Retinopathy in Fundus Images Using Residual Neural Networks}, 
  year={2023},
  volume={},
  number={},
  pages={55-60},
  doi={10.1109/ICSCC59169.2023.10335079}}

@article{AstutiSamsuryadi2018,
  title={Kajian Pengenalan Ekspresi Wajah menggunakan Metode PCA dan CNN},
  author={Astuti, D. L. Z. and Samsuryadi},
  journal={Annual Research Seminar of the Faculty of Computer Science},
  volume={4},
  number={1},
  pages={293--297},
  year={2018}
}

@inproceedings{He2016,
  title={Deep Residual Learning for Image Recognition},
  author={He, Kaiming and Zhang, Xiangyu and Ren, Shaoqing and Sun, Jian},
  booktitle={Proceedings of the IEEE conference on computer vision and pattern recognition},
  pages={770--778},
  year={2016}
}
